<?xml version="1.0" encoding="UTF-8"?><collection xmlns="http://www.loc.gov/MARC21/slim"><record><leader>00419nam--2200133-i-4500</leader><controlfield tag="001">000031578</controlfield><controlfield tag="002">20161230</controlfield><controlfield tag="005">20161230201038</controlfield><controlfield tag="008">060222s1000------------r-----000-0-eng-d</controlfield><datafield ind1=" " ind2=" " tag="100"><subfield code="a">Lopes-cardoso, M.F.L</subfield></datafield><datafield ind1=" " ind2=" " tag="245"><subfield code="a">Doseamento espectrofotometrico do uranio em presenca do ferro</subfield></datafield><datafield ind1=" " ind2=" " tag="260"><subfield code="a">Lisboa, Soc.Portuguesa De Quimica E Fisica, 1960. 26p</subfield></datafield><datafield ind1=" " ind2=" " tag="490"><subfield code="a">Separata Da Revista Portuguesa De Quimica, 1960</subfield></datafield><datafield ind1=" " ind2=" " tag="852"><subfield code="a">7635</subfield></datafield></record></collection>